grey@grey.3543